<?xml version="1.0" encoding="UTF-8"?><record xmlns="http://www.loc.gov/MARC21/slim" xmlns:cinclude="http://apache.org/cocoon/include/1.0" xmlns:zs="http://www.loc.gov/zing/srw/">
  <leader>00342cz  a2200121n  4500</leader>
  <controlfield tag="001">n  86818182 </controlfield>
  <controlfield tag="003">DLC</controlfield>
  <controlfield tag="005">19890323090804.2</controlfield>
  <controlfield tag="008">860407n| acannaab|          |n aad |||  </controlfield>
  <datafield tag="010" ind1=" " ind2=" ">
    <subfield code="a">n  86818182 </subfield>
  </datafield>
  <datafield tag="040" ind1=" " ind2=" ">
    <subfield code="a">DLC</subfield>
    <subfield code="c">DLC</subfield>
    <subfield code="d">DLC</subfield>
  </datafield>
  <datafield tag="100" ind1="1" ind2="0">
    <subfield code="a">Abdullah, Mohammad S.</subfield>
  </datafield>
  <datafield tag="670" ind1=" " ind2=" ">
    <subfield code="a">nuc86-30564: Abrahams Kinder, c1983</subfield>
    <subfield code="b">(usage on OCH rept.: Mohammad S. Abdullah)</subfield>
  </datafield>
</record>